[gd_scene load_steps=10 format=2]

[ext_resource path="res://Models/ObjType/Objects/Torch/Torch2.obj" type="ArrayMesh" id=1]

[sub_resource type="Gradient" id=9]
offsets = PoolRealArray( 0, 0.520767, 1 )
colors = PoolColorArray( 1, 0.585938, 0, 1, 1, 0.170128, 0, 1, 1, 0, 0, 1 )

[sub_resource type="GradientTexture" id=10]
gradient = SubResource( 9 )

[sub_resource type="Curve" id=11]
_data = [ Vector2( 0, 1 ), 0.0, 0.0, 0, 0, Vector2( 1, 0 ), -3.0, 0.0, 0, 0 ]

[sub_resource type="CurveTexture" id=12]
curve = SubResource( 11 )

[sub_resource type="ParticlesMaterial" id=13]
emission_shape = 2
emission_box_extents = Vector3( 2, 2, 2 )
spread = 0.0
gravity = Vector3( 0, 0, 0 )
initial_velocity = 5.0
angular_velocity = 350.0
angular_velocity_random = 1.0
linear_accel = 5.0
angle = 45.0
scale = 0.75
scale_curve = SubResource( 12 )
color_ramp = SubResource( 10 )

[sub_resource type="SpatialMaterial" id=14]
vertex_color_use_as_albedo = true
roughness = 0.0

[sub_resource type="CubeMesh" id=15]
material = SubResource( 14 )

[sub_resource type="CylinderShape" id=8]
radius = 3.99315
height = 5.95353

[node name="GroundTorch" type="Spatial"]

[node name="MeshInstance" type="MeshInstance" parent="."]
transform = Transform( 1, 0, 0, 0, 1, 0, 0, 0, 1, 0, 1.54131, 0 )
mesh = ExtResource( 1 )
material/0 = null

[node name="OmniLight" type="OmniLight" parent="."]
transform = Transform( 1, 0, 0, 0, 1, 0, 0, 0, 1, 0, 7, 0 )
light_color = Color( 0.92549, 0.627451, 0.113725, 1 )
light_energy = 8.0
light_bake_mode = 2
omni_range = 3.5

[node name="Particles" type="Particles" parent="."]
transform = Transform( 1, 0, 0, 0, 0, 1, 0, -1, 0, 0, 7.5, 0 )
amount = 10
speed_scale = 2.0
visibility_aabb = AABB( -0.001, -0.001, -0.001, 0.002, 0.002, 0.002 )
process_material = SubResource( 13 )
draw_pass_1 = SubResource( 15 )

[node name="StaticBody" type="StaticBody" parent="."]
collision_layer = 16

[node name="CollisionShape" type="CollisionShape" parent="StaticBody"]
transform = Transform( 1, 0, 0, 0, 1, 0, 0, 0, 1, 0, 4.5, 0 )
shape = SubResource( 8 )

