[gd_resource type="VisualShader" load_steps=15 format=2]

[ext_resource path="res://Shaders/Noise.tres" type="Texture" id=1]

[sub_resource type="VisualShaderNodeScalarOp" id=1]
operator = 1

[sub_resource type="VisualShaderNodeScalarFunc" id=2]
output_port_for_preview = 0
function = 15

[sub_resource type="VisualShaderNodeScalarOp" id=3]
default_input_values = [ 0, 0.0, 1, 0.05 ]
operator = 1

[sub_resource type="VisualShaderNodeScalarOp" id=4]
default_input_values = [ 0, 1.0, 1, 0.0 ]
operator = 1

[sub_resource type="VisualShaderNodeScalarFunc" id=5]
output_port_for_preview = 0
function = 15

[sub_resource type="VisualShaderNodeVectorOp" id=6]
operator = 2

[sub_resource type="VisualShaderNodeColorConstant" id=7]
constant = Color( 0.894531, 0.588565, 0.111257, 1 )

[sub_resource type="VisualShaderNodeInput" id=8]
output_port_for_preview = 0
input_name = "uv"

[sub_resource type="VisualShaderNodeInput" id=9]
input_name = "time"

[sub_resource type="VisualShaderNodeScalarFunc" id=10]
function = 0

[sub_resource type="VisualShaderNodeScalarOp" id=11]
default_input_values = [ 0, 0.0, 1, 2.0 ]
operator = 3

[sub_resource type="VisualShaderNodeScalarOp" id=12]
default_input_values = [ 0, 0.0, 1, 0.5 ]

[sub_resource type="VisualShaderNodeTexture" id=13]
texture = ExtResource( 1 )

[resource]
code = "shader_type spatial;
uniform sampler2D tex_frg_9;


void vertex() {
// Output:0

}

void fragment() {
// Input:4
	vec3 n_out4p0;
	n_out4p0 = vec3(UV,0.0);

// Texture:9
	vec3 n_out9p0;
	float n_out9p1;
	vec4 tex_frg_9_read = texture( tex_frg_9 , n_out4p0.xy );
	n_out9p0 = tex_frg_9_read.rgb;
	n_out9p1 = tex_frg_9_read.a;

// Input:5
	float n_out5p0;
	n_out5p0 = TIME;

// ScalarFunc:6
	float n_out6p0;
	n_out6p0 = sin(n_out5p0);

// ScalarOp:7
	float n_in7p1 = 2.00000;
	float n_out7p0;
	n_out7p0 = n_out6p0 / n_in7p1;

// ScalarOp:8
	float n_in8p1 = 0.50000;
	float n_out8p0;
	n_out8p0 = n_out7p0 + n_in8p1;

// ScalarOp:10
	float n_out10p0;
	n_out10p0 = dot(n_out9p0,vec3(0.333333,0.333333,0.333333)) - n_out8p0;

// ScalarFunc:11
	float n_out11p0;
	n_out11p0 = round(n_out10p0);

// ScalarOp:12
	float n_in12p1 = 0.05000;
	float n_out12p0;
	n_out12p0 = n_out10p0 - n_in12p1;

// ScalarOp:13
	float n_in13p0 = 1.00000;
	float n_out13p0;
	n_out13p0 = n_in13p0 - n_out12p0;

// ScalarFunc:14
	float n_out14p0;
	n_out14p0 = round(n_out13p0);

// Color:16
	vec3 n_out16p0;
	float n_out16p1;
	n_out16p0 = vec3(0.894531,0.588565,0.111257);
	n_out16p1 = 1.000000;

// VectorOp:15
	vec3 n_out15p0;
	n_out15p0 = vec3(n_out14p0) * n_out16p0;

// Output:0
	ALPHA = n_out11p0;
	EMISSION = n_out15p0;

}

void light() {
// Output:0

}
"
graph_offset = Vector2( -282.924, 153.657 )
nodes/fragment/0/position = Vector2( 1575, 125 )
nodes/fragment/4/node = SubResource( 8 )
nodes/fragment/4/position = Vector2( 25, 225 )
nodes/fragment/5/node = SubResource( 9 )
nodes/fragment/5/position = Vector2( -325, 500 )
nodes/fragment/6/node = SubResource( 10 )
nodes/fragment/6/position = Vector2( -150, 500 )
nodes/fragment/7/node = SubResource( 11 )
nodes/fragment/7/position = Vector2( 50, 475 )
nodes/fragment/8/node = SubResource( 12 )
nodes/fragment/8/position = Vector2( 250, 475 )
nodes/fragment/9/node = SubResource( 13 )
nodes/fragment/9/position = Vector2( 250, 200 )
nodes/fragment/10/node = SubResource( 1 )
nodes/fragment/10/position = Vector2( 450, 350 )
nodes/fragment/11/node = SubResource( 2 )
nodes/fragment/11/position = Vector2( 700, 175 )
nodes/fragment/12/node = SubResource( 3 )
nodes/fragment/12/position = Vector2( 650, 475 )
nodes/fragment/13/node = SubResource( 4 )
nodes/fragment/13/position = Vector2( 850, 450 )
nodes/fragment/14/node = SubResource( 5 )
nodes/fragment/14/position = Vector2( 1042.16, 450.5 )
nodes/fragment/15/node = SubResource( 6 )
nodes/fragment/15/position = Vector2( 1325, 375 )
nodes/fragment/16/node = SubResource( 7 )
nodes/fragment/16/position = Vector2( 1250, 550 )
nodes/fragment/connections = PoolIntArray( 5, 0, 6, 0, 6, 0, 7, 0, 7, 0, 8, 0, 4, 0, 9, 0, 9, 0, 10, 0, 8, 0, 10, 1, 10, 0, 11, 0, 11, 0, 0, 1, 10, 0, 12, 0, 12, 0, 13, 1, 13, 0, 14, 0, 14, 0, 15, 0, 16, 0, 15, 1, 15, 0, 0, 5 )

