[gd_scene load_steps=22 format=2]

[ext_resource path="res://Scripts/Map/IslandRace.gd" type="Script" id=1]
[ext_resource path="res://Scenes/Enviroment/MidDay.tscn" type="PackedScene" id=2]
[ext_resource path="res://Scripts/Objects/Deathzone.gd" type="Script" id=3]
[ext_resource path="res://Shaders/waterShader.shader" type="Shader" id=4]
[ext_resource path="res://Sprites/Shaders/Water.png" type="Texture" id=5]
[ext_resource path="res://Others/MeshLibs/GrassTiles.meshlib" type="MeshLibrary" id=6]
[ext_resource path="res://Scripts/Map/MapSetup.gd" type="Script" id=7]
[ext_resource path="res://Scenes/UIElements/SplitScreen.tscn" type="PackedScene" id=8]
[ext_resource path="res://Scripts/Weapons/ItensSpawner2.gd" type="Script" id=9]
[ext_resource path="res://Scenes/RaceSegments/Checkpoint.tscn" type="PackedScene" id=10]
[ext_resource path="res://Scenes/UIElements/MatchTimer.tscn" type="PackedScene" id=11]
[ext_resource path="res://Scenes/UIElements/Countdown.tscn" type="PackedScene" id=12]
[ext_resource path="res://Scenes/UIElements/MatchEnd.tscn" type="PackedScene" id=13]
[ext_resource path="res://Scenes/UIElements/Profiles.tscn" type="PackedScene" id=14]
[ext_resource path="res://Scenes/UIElements/Pause.tscn" type="PackedScene" id=15]

[sub_resource type="ProceduralSky" id=1]
sky_top_color = Color( 0.219608, 0.94902, 0.796078, 1 )
sky_horizon_color = Color( 0.996078, 0.984314, 0.705882, 1 )
ground_bottom_color = Color( 0.423529, 0.964706, 0.960784, 1 )
ground_horizon_color = Color( 0.996078, 0.984314, 0.705882, 1 )

[sub_resource type="Environment" id=2]
background_mode = 2
background_sky = SubResource( 1 )

[sub_resource type="ShaderMaterial" id=4]
shader = ExtResource( 4 )
shader_param/amplitude = Vector2( 35.62, 0.12 )
shader_param/frequency = Vector2( 3.61, 3.38 )
shader_param/time_factor = Vector2( 1.18, 4.5 )
shader_param/texture_scale = Vector2( 16, 16 )
shader_param/texturemap = ExtResource( 5 )

[sub_resource type="QuadMesh" id=5]
material = SubResource( 4 )
size = Vector2( 4800, 4800 )

[sub_resource type="BoxShape" id=6]
extents = Vector3( 2400, 1, 2400 )

[sub_resource type="BoxShape" id=7]
extents = Vector3( 120.126, 11.1819, 19.9857 )

[node name="Island Race" type="Spatial"]
script = ExtResource( 1 )

[node name="DirectionalLight" type="DirectionalLight" parent="."]
transform = Transform( 0.747828, 0.310469, 0.586824, -0.663414, 0.383022, 0.642788, -0.0252013, -0.870002, 0.492404, 0, -9.13419e-007, -1.46841e-006 )
shadow_bias = 2.5
directional_shadow_depth_range = 1
directional_shadow_max_distance = 1000.0

[node name="WorldEnvironment" parent="." instance=ExtResource( 2 )]
environment = SubResource( 2 )

[node name="DeathZone" type="KinematicBody" parent="."]
transform = Transform( 1, 0, 0, 0, 1.09169e-008, 1, 0, -1, 1.09169e-008, 0, 3, -1385 )
script = ExtResource( 3 )
water = true

[node name="Mesh" type="MeshInstance" parent="DeathZone"]
transform = Transform( 1, -8.35189e-023, -3.65073e-030, 8.35189e-023, 1, 5.46283e-008, -9.11767e-031, -5.46283e-008, 1, 2.14528, 357.06, -1.51657 )
mesh = SubResource( 5 )
material/0 = null

[node name="Area" type="Area" parent="DeathZone"]
editor/display_folded = true
transform = Transform( 1, 0, 0, 0, 1, 0, 0, 0, 1, 0, -1.85587e-007, -20 )
collision_layer = 16

[node name="CollisionShape" type="CollisionShape" parent="DeathZone/Area"]
transform = Transform( 1, 0, 0, 0, -4.37114e-008, 1, 0, -1, -4.37114e-008, 0, 1.30368e-006, -2.49648 )
shape = SubResource( 6 )

[node name="Area2" type="Area" parent="DeathZone"]
editor/display_folded = true
transform = Transform( 1, 0, 0, 0, 1, 0, 0, 0, 1, 0, 0, 0.22 )
collision_layer = 16

[node name="CollisionShape" type="CollisionShape" parent="DeathZone/Area2"]
transform = Transform( 1, 0, 0, 0, -4.37114e-008, 1, 0, -1, -4.37114e-008, 0, 1.30368e-006, -2.49648 )
shape = SubResource( 6 )

[node name="Map" type="Spatial" parent="."]

[node name="GridMap" type="GridMap" parent="Map" groups=[
"Ground",
]]
mesh_library = ExtResource( 6 )
cell_size = Vector3( 20, 1, 20 )
collision_layer = 16
data = {
"cells": PoolIntArray( 0, 0, 655363, 1, 0, 655363, 2, 0, 655363, 3, 0, 655365, 4, 0, 537526275, 5, 0, 1048580, 65530, 0, 655364, 65531, 0, 655363, 65532, 0, 655365, 65533, 0, 655363, 65534, 0, 655363, 65535, 0, 655365, 0, 1, 536870912, 1, 1, 0, 2, 1, 1048577, 3, 1, 536870912, 4, 1, 0, 5, 1, 537919491, 65530, 1, 1441795, 65531, 1, 0, 65532, 1, 655360, 65533, 1, 536870912, 65534, 1, 536870912, 65535, 1, 0, 0, 2, 0, 1, 2, 0, 2, 2, 1441794, 3, 2, 538312704, 4, 2, 1441792, 5, 2, 537919491, 65530, 2, 538312709, 65531, 2, 537919489, 65532, 2, 0, 65533, 2, 2, 65534, 2, 0, 65535, 2, 1048577, 0, 3, 655360, 1, 3, 655360, 2, 3, 1441792, 3, 3, 537526272, 4, 3, 1075183616, 5, 3, 1048579, 65530, 3, 1441795, 65531, 3, 655360, 65532, 3, 655360, 65533, 3, 655360, 65534, 3, 1048577, 65535, 3, 537526272, 0, 4, 655360, 1, 4, 655360, 2, 4, 1048577, 3, 4, 538312704, 4, 4, 1048577, 5, 4, 1074790405, 65530, 4, 1441795, 65531, 4, 655360, 65532, 4, 655360, 65533, 4, 1048577, 65534, 4, 655360, 65535, 4, -1073086464, 0, 5, 5, 1, 5, 3, 2, 5, 1073741827, 3, 5, 3, 4, 5, 536870915, 5, 5, -1073741820, 65530, 5, -1072300028, 65531, 5, 5, 65532, 5, 3, 65533, 5, 3, 65534, 5, 3, 65535, 5, 3, 0, 65476, 655363, 1, 65476, 655363, 2, 65476, 655363, 3, 65476, 655363, 4, 65476, 655363, 5, 65476, 1048580, 65530, 65476, 655364, 65531, 65476, 537526275, 65532, 65476, 655363, 65533, 65476, 655365, 65534, 65476, 655363, 65535, 65476, 655363, 0, 65477, 2, 1, 65477, 655360, 2, 65477, 655360, 3, 65477, 655361, 4, 65477, 2, 5, 65477, 1048579, 65530, 65477, 538312707, 65531, 65477, -1073086463, 65532, 65477, 655360, 65533, 65477, 655361, 65534, 65477, 655360, 65535, 65477, 537526272, 0, 65478, 1073741830, 1, 65478, 536870918, 2, 65478, 6, 3, 65478, 6, 4, 65478, 6, 5, 65478, -1073741818, 65530, 65478, 6, 65531, 65478, 6, 65532, 65478, 6, 65533, 65478, 6, 65534, 65478, 6, 65535, 65478, 6, 0, 65479, 6, 1, 65479, 6, 2, 65479, 1073741830, 3, 65479, 6, 4, 65479, 6, 5, 65479, 6, 65530, 65479, 6, 65531, 65479, 6, 65532, 65479, 6, 65533, 65479, -1073741818, 65534, 65479, 6, 65535, 65479, 6, 0, 65480, -1073086464, 1, 65480, -1073086464, 2, 65480, 655360, 3, 65480, 655361, 4, 65480, 655361, 5, 65480, 1048579, 65530, 65480, 538312707, 65531, 65480, 655361, 65532, 65480, 655360, 65533, 65480, 1074397184, 65534, 65480, 655360, 65535, 65480, 537526272, 0, 65481, 3, 1, 65481, 5, 2, 65481, 3, 3, 65481, 3, 4, 65481, 3, 5, 65481, 1073741828, 65530, 65481, 1441796, 65531, 65481, 3, 65532, 65481, 3, 65533, 65481, 3, 65534, 65481, 3, 65535, 65481, 1073741827, 0, 65496, 655363, 1, 65496, 537526275, 2, 65496, 655363, 3, 65496, 655363, 4, 65496, 655363, 5, 65496, 1048580, 65530, 65496, 655364, 65531, 65496, 655363, 65532, 65496, 655363, 65533, 65496, 655363, 65534, 65496, 655363, 65535, 65496, 655363, 0, 65497, 1048576, 1, 65497, 1048576, 2, 65497, 1, 3, 65497, 2, 4, 65497, 1048576, 5, 65497, 1048579, 65530, 65497, 1441797, 65531, 65497, 1, 65532, 65497, 1, 65533, 65497, 1048576, 65534, 65497, 1, 65535, 65497, 1048576, 0, 65498, 1048576, 1, 65498, 1048576, 2, 65498, 1048576, 3, 65498, 1048576, 4, 65498, 1, 5, 65498, 1048579, 65530, 65498, 1441795, 65531, 65498, 1048576, 65532, 65498, 1048576, 65533, 65498, 1048576, 65534, 65498, 1441794, 65535, 65498, 1048576, 0, 65499, 655362, 1, 65499, 1, 2, 65499, 1048576, 3, 65499, 1048576, 4, 65499, 1, 5, 65499, 1048581, 65530, 65499, 1441795, 65531, 65499, 2, 65532, 65499, 1048576, 65533, 65499, 1, 65534, 65499, 1048576, 65535, 65499, 1048576, 0, 65500, 1048576, 1, 65500, 1048576, 2, 65500, 1, 3, 65500, 1048576, 4, 65500, 1, 5, 65500, 1048579, 65530, 65500, 1441795, 65531, 65500, 1048576, 65532, 65500, 1, 65533, 65500, 1048576, 65534, 65500, 1048576, 65535, 65500, 1048576, 0, 65501, 3, 1, 65501, 3, 2, 65501, 3, 3, 65501, 3, 4, 65501, 3, 5, 65501, 4, 65530, 65501, 1441796, 65531, 65501, 3, 65532, 65501, 3, 65533, 65501, 3, 65534, 65501, 5, 65535, 65501, 3, 0, 65516, 655363, 1, 65516, 655363, 2, 65516, 655365, 3, 65516, 655363, 4, 65516, 655363, 5, 65516, 1048580, 65530, 65516, 655364, 65531, 65516, 655363, 65532, 65516, 655363, 65533, 65516, 655363, 65534, 65516, 655363, 65535, 65516, 655365, 0, 65517, 1, 1, 65517, 1048576, 2, 65517, 1048576, 3, 65517, 1048576, 4, 65517, 1048576, 5, 65517, 1048579, 65530, 65517, 1441795, 65531, 65517, 1048576, 65532, 65517, 1048576, 65533, 65517, 2, 65534, 65517, 1048576, 65535, 65517, 1, 0, 65518, 1048576, 1, 65518, 1048576, 2, 65518, 1048576, 3, 65518, 1048576, 4, 65518, 1048576, 5, 65518, 1048581, 65530, 65518, 1441797, 65531, 65518, 1, 65532, 65518, 1048576, 65533, 65518, 1048576, 65534, 65518, 1, 65535, 65518, 1048576, 0, 65519, 655362, 1, 65519, 1048576, 2, 65519, 1, 3, 65519, 1048576, 4, 65519, 1, 5, 65519, 1048579, 65530, 65519, 1441795, 65531, 65519, 2, 65532, 65519, 1048576, 65533, 65519, 1048576, 65534, 65519, 1048578, 65535, 65519, 1, 0, 65520, 1048576, 1, 65520, 1, 2, 65520, 1048576, 3, 65520, 1048576, 4, 65520, 1441794, 5, 65520, 1048579, 65530, 65520, 1441795, 65531, 65520, 1048576, 65532, 65520, 1048576, 65533, 65520, 1048576, 65534, 65520, 1, 65535, 65520, 1048576, 0, 65521, 3, 1, 65521, 5, 2, 65521, 3, 3, 65521, 3, 4, 65521, 3, 5, 65521, 4, 65530, 65521, 1441796, 65531, 65521, 3, 65532, 65521, 3, 65533, 65521, 3, 65534, 65521, 5, 65535, 65521, 3 )
}
__meta__ = {
"_editor_clip_": 0,
"_editor_floor_": Vector3( 0, 0, 0 )
}

[node name="FinishLine" type="Area" parent="Map/GridMap"]
editor/display_folded = true
transform = Transform( 1, 0, 0, 0, 1, 0, 0, 0, 1, 0, 20, -1162.5 )

[node name="CollisionShape" type="CollisionShape" parent="Map/GridMap/FinishLine"]
transform = Transform( 1, 0, 0, 0, 1, 0, 0, 0, 1, 0, 5.27174, 2.62146 )
shape = SubResource( 7 )

[node name="MapSetup" type="Spatial" parent="."]
editor/display_folded = true
script = ExtResource( 7 )
mode = "Race"
cameraMode = 2

[node name="SplitScreen" parent="MapSetup" instance=ExtResource( 8 )]
editor/display_folded = true

[node name="CameraReference" parent="MapSetup/SplitScreen" index="4"]
transform = Transform( 1, 0, 0, 0, 1, 0, 0, 0, 1, 0, -25, -25 )

[node name="ItensSpawner1" type="Spatial" parent="MapSetup"]
editor/display_folded = true
transform = Transform( 1, 0, 0, 0, 1, 0, 0, 0, 1, 0, 155, 60 )
script = ExtResource( 9 )

[node name="Point1" type="Spatial" parent="MapSetup/ItensSpawner1"]
transform = Transform( 1, 0, 0, 0, 1, 0, 0, 0, 1, -100, 0, 40 )

[node name="Point12" type="Spatial" parent="MapSetup/ItensSpawner1"]
transform = Transform( 1, 0, 0, 0, 1, 0, 0, 0, 1, -100, 0, 20 )

[node name="Point26" type="Spatial" parent="MapSetup/ItensSpawner1"]
transform = Transform( 1, 0, 0, 0, 1, 0, 0, 0, 1, -100, 0, 0 )

[node name="Point37" type="Spatial" parent="MapSetup/ItensSpawner1"]
transform = Transform( 1, 0, 0, 0, 1, 0, 0, 0, 1, -100, 0, -20 )

[node name="Point48" type="Spatial" parent="MapSetup/ItensSpawner1"]
transform = Transform( 1, 0, 0, 0, 1, 0, 0, 0, 1, -100, 0, -40 )

[node name="Point3" type="Spatial" parent="MapSetup/ItensSpawner1"]
transform = Transform( 1, 0, 0, 0, 1, 0, 0, 0, 1, -60, 0, 40 )

[node name="Point14" type="Spatial" parent="MapSetup/ItensSpawner1"]
transform = Transform( 1, 0, 0, 0, 1, 0, 0, 0, 1, -60, 0, 20 )

[node name="Point28" type="Spatial" parent="MapSetup/ItensSpawner1"]
transform = Transform( 1, 0, 0, 0, 1, 0, 0, 0, 1, -60, 0, 0 )

[node name="Point39" type="Spatial" parent="MapSetup/ItensSpawner1"]
transform = Transform( 1, 0, 0, 0, 1, 0, 0, 0, 1, -60, 0, -20 )

[node name="Point50" type="Spatial" parent="MapSetup/ItensSpawner1"]
transform = Transform( 1, 0, 0, 0, 1, 0, 0, 0, 1, -60, 0, -40 )

[node name="Point5" type="Spatial" parent="MapSetup/ItensSpawner1"]
transform = Transform( 1, 0, 0, 0, 1, 0, 0, 0, 1, -20, 0, 40 )

[node name="Point16" type="Spatial" parent="MapSetup/ItensSpawner1"]
transform = Transform( 1, 0, 0, 0, 1, 0, 0, 0, 1, -20, 0, 20 )

[node name="Point30" type="Spatial" parent="MapSetup/ItensSpawner1"]
transform = Transform( 1, 0, 0, 0, 1, 0, 0, 0, 1, -20, 0, 0 )

[node name="Point41" type="Spatial" parent="MapSetup/ItensSpawner1"]
transform = Transform( 1, 0, 0, 0, 1, 0, 0, 0, 1, -20, 0, -20 )

[node name="Point52" type="Spatial" parent="MapSetup/ItensSpawner1"]
transform = Transform( 1, 0, 0, 0, 1, 0, 0, 0, 1, -20, 0, -40 )

[node name="Point7" type="Spatial" parent="MapSetup/ItensSpawner1"]
transform = Transform( 1, 0, 0, 0, 1, 0, 0, 0, 1, 20, 0, 40 )

[node name="Point18" type="Spatial" parent="MapSetup/ItensSpawner1"]
transform = Transform( 1, 0, 0, 0, 1, 0, 0, 0, 1, 20, 0, 20 )

[node name="Point32" type="Spatial" parent="MapSetup/ItensSpawner1"]
transform = Transform( 1, 0, 0, 0, 1, 0, 0, 0, 1, 20, 0, 0 )

[node name="Point43" type="Spatial" parent="MapSetup/ItensSpawner1"]
transform = Transform( 1, 0, 0, 0, 1, 0, 0, 0, 1, 20, 0, -20 )

[node name="Point54" type="Spatial" parent="MapSetup/ItensSpawner1"]
transform = Transform( 1, 0, 0, 0, 1, 0, 0, 0, 1, 20, 0, -40 )

[node name="Point9" type="Spatial" parent="MapSetup/ItensSpawner1"]
transform = Transform( 1, 0, 0, 0, 1, 0, 0, 0, 1, 60, 0, 40 )

[node name="Point20" type="Spatial" parent="MapSetup/ItensSpawner1"]
transform = Transform( 1, 0, 0, 0, 1, 0, 0, 0, 1, 60, 0, 20 )

[node name="Point23" type="Spatial" parent="MapSetup/ItensSpawner1"]
transform = Transform( 1, 0, 0, 0, 1, 0, 0, 0, 1, 60, 0, 0 )

[node name="Point34" type="Spatial" parent="MapSetup/ItensSpawner1"]
transform = Transform( 1, 0, 0, 0, 1, 0, 0, 0, 1, 60, 0, -20 )

[node name="Point45" type="Spatial" parent="MapSetup/ItensSpawner1"]
transform = Transform( 1, 0, 0, 0, 1, 0, 0, 0, 1, 60, 0, -40 )

[node name="Point2" type="Spatial" parent="MapSetup/ItensSpawner1"]
transform = Transform( 1, 0, 0, 0, 1, 0, 0, 0, 1, -80, 0, 40 )

[node name="Point13" type="Spatial" parent="MapSetup/ItensSpawner1"]
transform = Transform( 1, 0, 0, 0, 1, 0, 0, 0, 1, -80, 0, 20 )

[node name="Point27" type="Spatial" parent="MapSetup/ItensSpawner1"]
transform = Transform( 1, 0, 0, 0, 1, 0, 0, 0, 1, -80, 0, 0 )

[node name="Point38" type="Spatial" parent="MapSetup/ItensSpawner1"]
transform = Transform( 1, 0, 0, 0, 1, 0, 0, 0, 1, -80, 0, -20 )

[node name="Point49" type="Spatial" parent="MapSetup/ItensSpawner1"]
transform = Transform( 1, 0, 0, 0, 1, 0, 0, 0, 1, -80, 0, -40 )

[node name="Point4" type="Spatial" parent="MapSetup/ItensSpawner1"]
transform = Transform( 1, 0, 0, 0, 1, 0, 0, 0, 1, -40, 0, 40 )

[node name="Point15" type="Spatial" parent="MapSetup/ItensSpawner1"]
transform = Transform( 1, 0, 0, 0, 1, 0, 0, 0, 1, -40, 0, 20 )

[node name="Point29" type="Spatial" parent="MapSetup/ItensSpawner1"]
transform = Transform( 1, 0, 0, 0, 1, 0, 0, 0, 1, -40, 0, 0 )

[node name="Point40" type="Spatial" parent="MapSetup/ItensSpawner1"]
transform = Transform( 1, 0, 0, 0, 1, 0, 0, 0, 1, -40, 0, -20 )

[node name="Point51" type="Spatial" parent="MapSetup/ItensSpawner1"]
transform = Transform( 1, 0, 0, 0, 1, 0, 0, 0, 1, -40, 0, -40 )

[node name="Point6" type="Spatial" parent="MapSetup/ItensSpawner1"]
transform = Transform( 1, 0, 0, 0, 1, 0, 0, 0, 1, 0, 0, 40 )

[node name="Point17" type="Spatial" parent="MapSetup/ItensSpawner1"]
transform = Transform( 1, 0, 0, 0, 1, 0, 0, 0, 1, 0, 0, 20 )

[node name="Point31" type="Spatial" parent="MapSetup/ItensSpawner1"]

[node name="Point42" type="Spatial" parent="MapSetup/ItensSpawner1"]
transform = Transform( 1, 0, 0, 0, 1, 0, 0, 0, 1, 0, 0, -20 )

[node name="Point53" type="Spatial" parent="MapSetup/ItensSpawner1"]
transform = Transform( 1, 0, 0, 0, 1, 0, 0, 0, 1, 0, 0, -40 )

[node name="Point8" type="Spatial" parent="MapSetup/ItensSpawner1"]
transform = Transform( 1, 0, 0, 0, 1, 0, 0, 0, 1, 40, 0, 40 )

[node name="Point19" type="Spatial" parent="MapSetup/ItensSpawner1"]
transform = Transform( 1, 0, 0, 0, 1, 0, 0, 0, 1, 40, 0, 20 )

[node name="Point33" type="Spatial" parent="MapSetup/ItensSpawner1"]
transform = Transform( 1, 0, 0, 0, 1, 0, 0, 0, 1, 40, 0, 0 )

[node name="Point44" type="Spatial" parent="MapSetup/ItensSpawner1"]
transform = Transform( 1, 0, 0, 0, 1, 0, 0, 0, 1, 40, 0, -20 )

[node name="Point55" type="Spatial" parent="MapSetup/ItensSpawner1"]
transform = Transform( 1, 0, 0, 0, 1, 0, 0, 0, 1, 40, 0, -40 )

[node name="Point10" type="Spatial" parent="MapSetup/ItensSpawner1"]
transform = Transform( 1, 0, 0, 0, 1, 0, 0, 0, 1, 80, 0, 40 )

[node name="Point21" type="Spatial" parent="MapSetup/ItensSpawner1"]
transform = Transform( 1, 0, 0, 0, 1, 0, 0, 0, 1, 80, 0, 20 )

[node name="Point24" type="Spatial" parent="MapSetup/ItensSpawner1"]
transform = Transform( 1, 0, 0, 0, 1, 0, 0, 0, 1, 80, 0, 0 )

[node name="Point35" type="Spatial" parent="MapSetup/ItensSpawner1"]
transform = Transform( 1, 0, 0, 0, 1, 0, 0, 0, 1, 80, 0, -20 )

[node name="Point46" type="Spatial" parent="MapSetup/ItensSpawner1"]
transform = Transform( 1, 0, 0, 0, 1, 0, 0, 0, 1, 80, 0, -40 )

[node name="Point11" type="Spatial" parent="MapSetup/ItensSpawner1"]
transform = Transform( 1, 0, 0, 0, 1, 0, 0, 0, 1, 100, 0, 40 )

[node name="Point22" type="Spatial" parent="MapSetup/ItensSpawner1"]
transform = Transform( 1, 0, 0, 0, 1, 0, 0, 0, 1, 100, 0, 20 )

[node name="Point25" type="Spatial" parent="MapSetup/ItensSpawner1"]
transform = Transform( 1, 0, 0, 0, 1, 0, 0, 0, 1, 100, 0, 0 )

[node name="Point36" type="Spatial" parent="MapSetup/ItensSpawner1"]
transform = Transform( 1, 0, 0, 0, 1, 0, 0, 0, 1, 100, 0, -20 )

[node name="Point47" type="Spatial" parent="MapSetup/ItensSpawner1"]
transform = Transform( 1, 0, 0, 0, 1, 0, 0, 0, 1, 100, 0, -40 )

[node name="Timer" type="Timer" parent="MapSetup/ItensSpawner1"]
wait_time = 5.0

[node name="ItensSpawner2" type="Spatial" parent="MapSetup"]
editor/display_folded = true
transform = Transform( 1, 0, 0, 0, 1, 0, 0, 0, 1, 0, 155, -340 )
script = ExtResource( 9 )
start = false

[node name="Point1" type="Spatial" parent="MapSetup/ItensSpawner2"]
transform = Transform( 1, 0, 0, 0, 1, 0, 0, 0, 1, -100, 0, 40 )

[node name="Point12" type="Spatial" parent="MapSetup/ItensSpawner2"]
transform = Transform( 1, 0, 0, 0, 1, 0, 0, 0, 1, -100, 0, 20 )

[node name="Point26" type="Spatial" parent="MapSetup/ItensSpawner2"]
transform = Transform( 1, 0, 0, 0, 1, 0, 0, 0, 1, -100, 0, 0 )

[node name="Point37" type="Spatial" parent="MapSetup/ItensSpawner2"]
transform = Transform( 1, 0, 0, 0, 1, 0, 0, 0, 1, -100, 0, -20 )

[node name="Point48" type="Spatial" parent="MapSetup/ItensSpawner2"]
transform = Transform( 1, 0, 0, 0, 1, 0, 0, 0, 1, -100, 0, -40 )

[node name="Point3" type="Spatial" parent="MapSetup/ItensSpawner2"]
transform = Transform( 1, 0, 0, 0, 1, 0, 0, 0, 1, -60, 0, 40 )

[node name="Point14" type="Spatial" parent="MapSetup/ItensSpawner2"]
transform = Transform( 1, 0, 0, 0, 1, 0, 0, 0, 1, -60, 0, 20 )

[node name="Point28" type="Spatial" parent="MapSetup/ItensSpawner2"]
transform = Transform( 1, 0, 0, 0, 1, 0, 0, 0, 1, -60, 0, 0 )

[node name="Point39" type="Spatial" parent="MapSetup/ItensSpawner2"]
transform = Transform( 1, 0, 0, 0, 1, 0, 0, 0, 1, -60, 0, -20 )

[node name="Point50" type="Spatial" parent="MapSetup/ItensSpawner2"]
transform = Transform( 1, 0, 0, 0, 1, 0, 0, 0, 1, -60, 0, -40 )

[node name="Point5" type="Spatial" parent="MapSetup/ItensSpawner2"]
transform = Transform( 1, 0, 0, 0, 1, 0, 0, 0, 1, -20, 0, 40 )

[node name="Point16" type="Spatial" parent="MapSetup/ItensSpawner2"]
transform = Transform( 1, 0, 0, 0, 1, 0, 0, 0, 1, -20, 0, 20 )

[node name="Point30" type="Spatial" parent="MapSetup/ItensSpawner2"]
transform = Transform( 1, 0, 0, 0, 1, 0, 0, 0, 1, -20, 0, 0 )

[node name="Point41" type="Spatial" parent="MapSetup/ItensSpawner2"]
transform = Transform( 1, 0, 0, 0, 1, 0, 0, 0, 1, -20, 0, -20 )

[node name="Point52" type="Spatial" parent="MapSetup/ItensSpawner2"]
transform = Transform( 1, 0, 0, 0, 1, 0, 0, 0, 1, -20, 0, -40 )

[node name="Point7" type="Spatial" parent="MapSetup/ItensSpawner2"]
transform = Transform( 1, 0, 0, 0, 1, 0, 0, 0, 1, 20, 0, 40 )

[node name="Point18" type="Spatial" parent="MapSetup/ItensSpawner2"]
transform = Transform( 1, 0, 0, 0, 1, 0, 0, 0, 1, 20, 0, 20 )

[node name="Point32" type="Spatial" parent="MapSetup/ItensSpawner2"]
transform = Transform( 1, 0, 0, 0, 1, 0, 0, 0, 1, 20, 0, 0 )

[node name="Point43" type="Spatial" parent="MapSetup/ItensSpawner2"]
transform = Transform( 1, 0, 0, 0, 1, 0, 0, 0, 1, 20, 0, -20 )

[node name="Point54" type="Spatial" parent="MapSetup/ItensSpawner2"]
transform = Transform( 1, 0, 0, 0, 1, 0, 0, 0, 1, 20, 0, -40 )

[node name="Point9" type="Spatial" parent="MapSetup/ItensSpawner2"]
transform = Transform( 1, 0, 0, 0, 1, 0, 0, 0, 1, 60, 0, 40 )

[node name="Point20" type="Spatial" parent="MapSetup/ItensSpawner2"]
transform = Transform( 1, 0, 0, 0, 1, 0, 0, 0, 1, 60, 0, 20 )

[node name="Point23" type="Spatial" parent="MapSetup/ItensSpawner2"]
transform = Transform( 1, 0, 0, 0, 1, 0, 0, 0, 1, 60, 0, 0 )

[node name="Point34" type="Spatial" parent="MapSetup/ItensSpawner2"]
transform = Transform( 1, 0, 0, 0, 1, 0, 0, 0, 1, 60, 0, -20 )

[node name="Point45" type="Spatial" parent="MapSetup/ItensSpawner2"]
transform = Transform( 1, 0, 0, 0, 1, 0, 0, 0, 1, 60, 0, -40 )

[node name="Point2" type="Spatial" parent="MapSetup/ItensSpawner2"]
transform = Transform( 1, 0, 0, 0, 1, 0, 0, 0, 1, -80, 0, 40 )

[node name="Point13" type="Spatial" parent="MapSetup/ItensSpawner2"]
transform = Transform( 1, 0, 0, 0, 1, 0, 0, 0, 1, -80, 0, 20 )

[node name="Point27" type="Spatial" parent="MapSetup/ItensSpawner2"]
transform = Transform( 1, 0, 0, 0, 1, 0, 0, 0, 1, -80, 0, 0 )

[node name="Point38" type="Spatial" parent="MapSetup/ItensSpawner2"]
transform = Transform( 1, 0, 0, 0, 1, 0, 0, 0, 1, -80, 0, -20 )

[node name="Point49" type="Spatial" parent="MapSetup/ItensSpawner2"]
transform = Transform( 1, 0, 0, 0, 1, 0, 0, 0, 1, -80, 0, -40 )

[node name="Point4" type="Spatial" parent="MapSetup/ItensSpawner2"]
transform = Transform( 1, 0, 0, 0, 1, 0, 0, 0, 1, -40, 0, 40 )

[node name="Point15" type="Spatial" parent="MapSetup/ItensSpawner2"]
transform = Transform( 1, 0, 0, 0, 1, 0, 0, 0, 1, -40, 0, 20 )

[node name="Point29" type="Spatial" parent="MapSetup/ItensSpawner2"]
transform = Transform( 1, 0, 0, 0, 1, 0, 0, 0, 1, -40, 0, 0 )

[node name="Point40" type="Spatial" parent="MapSetup/ItensSpawner2"]
transform = Transform( 1, 0, 0, 0, 1, 0, 0, 0, 1, -40, 0, -20 )

[node name="Point51" type="Spatial" parent="MapSetup/ItensSpawner2"]
transform = Transform( 1, 0, 0, 0, 1, 0, 0, 0, 1, -40, 0, -40 )

[node name="Point6" type="Spatial" parent="MapSetup/ItensSpawner2"]
transform = Transform( 1, 0, 0, 0, 1, 0, 0, 0, 1, 0, 0, 40 )

[node name="Point17" type="Spatial" parent="MapSetup/ItensSpawner2"]
transform = Transform( 1, 0, 0, 0, 1, 0, 0, 0, 1, 0, 0, 20 )

[node name="Point31" type="Spatial" parent="MapSetup/ItensSpawner2"]

[node name="Point42" type="Spatial" parent="MapSetup/ItensSpawner2"]
transform = Transform( 1, 0, 0, 0, 1, 0, 0, 0, 1, 0, 0, -20 )

[node name="Point53" type="Spatial" parent="MapSetup/ItensSpawner2"]
transform = Transform( 1, 0, 0, 0, 1, 0, 0, 0, 1, 0, 0, -40 )

[node name="Point8" type="Spatial" parent="MapSetup/ItensSpawner2"]
transform = Transform( 1, 0, 0, 0, 1, 0, 0, 0, 1, 40, 0, 40 )

[node name="Point19" type="Spatial" parent="MapSetup/ItensSpawner2"]
transform = Transform( 1, 0, 0, 0, 1, 0, 0, 0, 1, 40, 0, 20 )

[node name="Point33" type="Spatial" parent="MapSetup/ItensSpawner2"]
transform = Transform( 1, 0, 0, 0, 1, 0, 0, 0, 1, 40, 0, 0 )

[node name="Point44" type="Spatial" parent="MapSetup/ItensSpawner2"]
transform = Transform( 1, 0, 0, 0, 1, 0, 0, 0, 1, 40, 0, -20 )

[node name="Point55" type="Spatial" parent="MapSetup/ItensSpawner2"]
transform = Transform( 1, 0, 0, 0, 1, 0, 0, 0, 1, 40, 0, -40 )

[node name="Point10" type="Spatial" parent="MapSetup/ItensSpawner2"]
transform = Transform( 1, 0, 0, 0, 1, 0, 0, 0, 1, 80, 0, 40 )

[node name="Point21" type="Spatial" parent="MapSetup/ItensSpawner2"]
transform = Transform( 1, 0, 0, 0, 1, 0, 0, 0, 1, 80, 0, 20 )

[node name="Point24" type="Spatial" parent="MapSetup/ItensSpawner2"]
transform = Transform( 1, 0, 0, 0, 1, 0, 0, 0, 1, 80, 0, 0 )

[node name="Point35" type="Spatial" parent="MapSetup/ItensSpawner2"]
transform = Transform( 1, 0, 0, 0, 1, 0, 0, 0, 1, 80, 0, -20 )

[node name="Point46" type="Spatial" parent="MapSetup/ItensSpawner2"]
transform = Transform( 1, 0, 0, 0, 1, 0, 0, 0, 1, 80, 0, -40 )

[node name="Point11" type="Spatial" parent="MapSetup/ItensSpawner2"]
transform = Transform( 1, 0, 0, 0, 1, 0, 0, 0, 1, 100, 0, 40 )

[node name="Point22" type="Spatial" parent="MapSetup/ItensSpawner2"]
transform = Transform( 1, 0, 0, 0, 1, 0, 0, 0, 1, 100, 0, 20 )

[node name="Point25" type="Spatial" parent="MapSetup/ItensSpawner2"]
transform = Transform( 1, 0, 0, 0, 1, 0, 0, 0, 1, 100, 0, 0 )

[node name="Point36" type="Spatial" parent="MapSetup/ItensSpawner2"]
transform = Transform( 1, 0, 0, 0, 1, 0, 0, 0, 1, 100, 0, -20 )

[node name="Point47" type="Spatial" parent="MapSetup/ItensSpawner2"]
transform = Transform( 1, 0, 0, 0, 1, 0, 0, 0, 1, 100, 0, -40 )

[node name="Timer" type="Timer" parent="MapSetup/ItensSpawner2"]
wait_time = 5.0

[node name="Checkpoint" parent="MapSetup/ItensSpawner2" instance=ExtResource( 10 )]
transform = Transform( 1, 0, 0, 0, 1, 0, 0, 0, 1, 0, -136.876, -0.702576 )
id = 1

[node name="ItensSpawner3" type="Spatial" parent="MapSetup"]
editor/display_folded = true
transform = Transform( 1, 0, 0, 0, 1, 0, 0, 0, 1, 0, 155, -740 )
script = ExtResource( 9 )
start = false

[node name="Point1" type="Spatial" parent="MapSetup/ItensSpawner3"]
transform = Transform( 1, 0, 0, 0, 1, 0, 0, 0, 1, -100, 0, 40 )

[node name="Point12" type="Spatial" parent="MapSetup/ItensSpawner3"]
transform = Transform( 1, 0, 0, 0, 1, 0, 0, 0, 1, -100, 0, 20 )

[node name="Point26" type="Spatial" parent="MapSetup/ItensSpawner3"]
transform = Transform( 1, 0, 0, 0, 1, 0, 0, 0, 1, -100, 0, 0 )

[node name="Point37" type="Spatial" parent="MapSetup/ItensSpawner3"]
transform = Transform( 1, 0, 0, 0, 1, 0, 0, 0, 1, -100, 0, -20 )

[node name="Point48" type="Spatial" parent="MapSetup/ItensSpawner3"]
transform = Transform( 1, 0, 0, 0, 1, 0, 0, 0, 1, -100, 0, -40 )

[node name="Point3" type="Spatial" parent="MapSetup/ItensSpawner3"]
transform = Transform( 1, 0, 0, 0, 1, 0, 0, 0, 1, -60, 0, 40 )

[node name="Point14" type="Spatial" parent="MapSetup/ItensSpawner3"]
transform = Transform( 1, 0, 0, 0, 1, 0, 0, 0, 1, -60, 0, 20 )

[node name="Point28" type="Spatial" parent="MapSetup/ItensSpawner3"]
transform = Transform( 1, 0, 0, 0, 1, 0, 0, 0, 1, -60, 0, 0 )

[node name="Point39" type="Spatial" parent="MapSetup/ItensSpawner3"]
transform = Transform( 1, 0, 0, 0, 1, 0, 0, 0, 1, -60, 0, -20 )

[node name="Point50" type="Spatial" parent="MapSetup/ItensSpawner3"]
transform = Transform( 1, 0, 0, 0, 1, 0, 0, 0, 1, -60, 0, -40 )

[node name="Point5" type="Spatial" parent="MapSetup/ItensSpawner3"]
transform = Transform( 1, 0, 0, 0, 1, 0, 0, 0, 1, -20, 0, 40 )

[node name="Point16" type="Spatial" parent="MapSetup/ItensSpawner3"]
transform = Transform( 1, 0, 0, 0, 1, 0, 0, 0, 1, -20, 0, 20 )

[node name="Point30" type="Spatial" parent="MapSetup/ItensSpawner3"]
transform = Transform( 1, 0, 0, 0, 1, 0, 0, 0, 1, -20, 0, 0 )

[node name="Point41" type="Spatial" parent="MapSetup/ItensSpawner3"]
transform = Transform( 1, 0, 0, 0, 1, 0, 0, 0, 1, -20, 0, -20 )

[node name="Point52" type="Spatial" parent="MapSetup/ItensSpawner3"]
transform = Transform( 1, 0, 0, 0, 1, 0, 0, 0, 1, -20, 0, -40 )

[node name="Point7" type="Spatial" parent="MapSetup/ItensSpawner3"]
transform = Transform( 1, 0, 0, 0, 1, 0, 0, 0, 1, 20, 0, 40 )

[node name="Point18" type="Spatial" parent="MapSetup/ItensSpawner3"]
transform = Transform( 1, 0, 0, 0, 1, 0, 0, 0, 1, 20, 0, 20 )

[node name="Point32" type="Spatial" parent="MapSetup/ItensSpawner3"]
transform = Transform( 1, 0, 0, 0, 1, 0, 0, 0, 1, 20, 0, 0 )

[node name="Point43" type="Spatial" parent="MapSetup/ItensSpawner3"]
transform = Transform( 1, 0, 0, 0, 1, 0, 0, 0, 1, 20, 0, -20 )

[node name="Point54" type="Spatial" parent="MapSetup/ItensSpawner3"]
transform = Transform( 1, 0, 0, 0, 1, 0, 0, 0, 1, 20, 0, -40 )

[node name="Point9" type="Spatial" parent="MapSetup/ItensSpawner3"]
transform = Transform( 1, 0, 0, 0, 1, 0, 0, 0, 1, 60, 0, 40 )

[node name="Point20" type="Spatial" parent="MapSetup/ItensSpawner3"]
transform = Transform( 1, 0, 0, 0, 1, 0, 0, 0, 1, 60, 0, 20 )

[node name="Point23" type="Spatial" parent="MapSetup/ItensSpawner3"]
transform = Transform( 1, 0, 0, 0, 1, 0, 0, 0, 1, 60, 0, 0 )

[node name="Point34" type="Spatial" parent="MapSetup/ItensSpawner3"]
transform = Transform( 1, 0, 0, 0, 1, 0, 0, 0, 1, 60, 0, -20 )

[node name="Point45" type="Spatial" parent="MapSetup/ItensSpawner3"]
transform = Transform( 1, 0, 0, 0, 1, 0, 0, 0, 1, 60, 0, -40 )

[node name="Point2" type="Spatial" parent="MapSetup/ItensSpawner3"]
transform = Transform( 1, 0, 0, 0, 1, 0, 0, 0, 1, -80, 0, 40 )

[node name="Point13" type="Spatial" parent="MapSetup/ItensSpawner3"]
transform = Transform( 1, 0, 0, 0, 1, 0, 0, 0, 1, -80, 0, 20 )

[node name="Point27" type="Spatial" parent="MapSetup/ItensSpawner3"]
transform = Transform( 1, 0, 0, 0, 1, 0, 0, 0, 1, -80, 0, 0 )

[node name="Point38" type="Spatial" parent="MapSetup/ItensSpawner3"]
transform = Transform( 1, 0, 0, 0, 1, 0, 0, 0, 1, -80, 0, -20 )

[node name="Point49" type="Spatial" parent="MapSetup/ItensSpawner3"]
transform = Transform( 1, 0, 0, 0, 1, 0, 0, 0, 1, -80, 0, -40 )

[node name="Point4" type="Spatial" parent="MapSetup/ItensSpawner3"]
transform = Transform( 1, 0, 0, 0, 1, 0, 0, 0, 1, -40, 0, 40 )

[node name="Point15" type="Spatial" parent="MapSetup/ItensSpawner3"]
transform = Transform( 1, 0, 0, 0, 1, 0, 0, 0, 1, -40, 0, 20 )

[node name="Point29" type="Spatial" parent="MapSetup/ItensSpawner3"]
transform = Transform( 1, 0, 0, 0, 1, 0, 0, 0, 1, -40, 0, 0 )

[node name="Point40" type="Spatial" parent="MapSetup/ItensSpawner3"]
transform = Transform( 1, 0, 0, 0, 1, 0, 0, 0, 1, -40, 0, -20 )

[node name="Point51" type="Spatial" parent="MapSetup/ItensSpawner3"]
transform = Transform( 1, 0, 0, 0, 1, 0, 0, 0, 1, -40, 0, -40 )

[node name="Point6" type="Spatial" parent="MapSetup/ItensSpawner3"]
transform = Transform( 1, 0, 0, 0, 1, 0, 0, 0, 1, 0, 0, 40 )

[node name="Point17" type="Spatial" parent="MapSetup/ItensSpawner3"]
transform = Transform( 1, 0, 0, 0, 1, 0, 0, 0, 1, 0, 0, 20 )

[node name="Point31" type="Spatial" parent="MapSetup/ItensSpawner3"]

[node name="Point42" type="Spatial" parent="MapSetup/ItensSpawner3"]
transform = Transform( 1, 0, 0, 0, 1, 0, 0, 0, 1, 0, 0, -20 )

[node name="Point53" type="Spatial" parent="MapSetup/ItensSpawner3"]
transform = Transform( 1, 0, 0, 0, 1, 0, 0, 0, 1, 0, 0, -40 )

[node name="Point8" type="Spatial" parent="MapSetup/ItensSpawner3"]
transform = Transform( 1, 0, 0, 0, 1, 0, 0, 0, 1, 40, 0, 40 )

[node name="Point19" type="Spatial" parent="MapSetup/ItensSpawner3"]
transform = Transform( 1, 0, 0, 0, 1, 0, 0, 0, 1, 40, 0, 20 )

[node name="Point33" type="Spatial" parent="MapSetup/ItensSpawner3"]
transform = Transform( 1, 0, 0, 0, 1, 0, 0, 0, 1, 40, 0, 0 )

[node name="Point44" type="Spatial" parent="MapSetup/ItensSpawner3"]
transform = Transform( 1, 0, 0, 0, 1, 0, 0, 0, 1, 40, 0, -20 )

[node name="Point55" type="Spatial" parent="MapSetup/ItensSpawner3"]
transform = Transform( 1, 0, 0, 0, 1, 0, 0, 0, 1, 40, 0, -40 )

[node name="Point10" type="Spatial" parent="MapSetup/ItensSpawner3"]
transform = Transform( 1, 0, 0, 0, 1, 0, 0, 0, 1, 80, 0, 40 )

[node name="Point21" type="Spatial" parent="MapSetup/ItensSpawner3"]
transform = Transform( 1, 0, 0, 0, 1, 0, 0, 0, 1, 80, 0, 20 )

[node name="Point24" type="Spatial" parent="MapSetup/ItensSpawner3"]
transform = Transform( 1, 0, 0, 0, 1, 0, 0, 0, 1, 80, 0, 0 )

[node name="Point35" type="Spatial" parent="MapSetup/ItensSpawner3"]
transform = Transform( 1, 0, 0, 0, 1, 0, 0, 0, 1, 80, 0, -20 )

[node name="Point46" type="Spatial" parent="MapSetup/ItensSpawner3"]
transform = Transform( 1, 0, 0, 0, 1, 0, 0, 0, 1, 80, 0, -40 )

[node name="Point11" type="Spatial" parent="MapSetup/ItensSpawner3"]
transform = Transform( 1, 0, 0, 0, 1, 0, 0, 0, 1, 100, 0, 40 )

[node name="Point22" type="Spatial" parent="MapSetup/ItensSpawner3"]
transform = Transform( 1, 0, 0, 0, 1, 0, 0, 0, 1, 100, 0, 20 )

[node name="Point25" type="Spatial" parent="MapSetup/ItensSpawner3"]
transform = Transform( 1, 0, 0, 0, 1, 0, 0, 0, 1, 100, 0, 0 )

[node name="Point36" type="Spatial" parent="MapSetup/ItensSpawner3"]
transform = Transform( 1, 0, 0, 0, 1, 0, 0, 0, 1, 100, 0, -20 )

[node name="Point47" type="Spatial" parent="MapSetup/ItensSpawner3"]
transform = Transform( 1, 0, 0, 0, 1, 0, 0, 0, 1, 100, 0, -40 )

[node name="Timer" type="Timer" parent="MapSetup/ItensSpawner3"]
wait_time = 5.0

[node name="Checkpoint" parent="MapSetup/ItensSpawner3" instance=ExtResource( 10 )]
transform = Transform( 1, 0, 0, 0, 1, 0, 0, 0, 1, 0, -136.876, -0.17041 )
id = 2

[node name="Checkpoint3" parent="MapSetup" instance=ExtResource( 10 )]
transform = Transform( 1, 0, 0, 0, 1, 0, 0, 0, 1, 0, 20, -1140 )
id = 3

[node name="Viewport" type="Viewport" parent="MapSetup"]
editor/display_folded = true
size = Vector2( 100, 100 )
render_target_update_mode = 3

[node name="CameraTop" type="Camera" parent="MapSetup/Viewport"]
transform = Transform( -4.37114e-008, -1, -4.37114e-008, 0, -4.37114e-008, 1, -1, 4.37114e-008, 1.91069e-015, -1.16871e-005, 573.33, -557.25 )
projection = 1
current = true
size = 787.521
far = 750.0

[node name="Camera" type="Camera" parent="MapSetup"]
transform = Transform( 1, 0, 0, 0, 0.642788, 0.766044, 0, -0.766044, 0.642788, 0, 155, 165 )
far = 500.0

[node name="P" type="Spatial" parent="MapSetup"]
editor/display_folded = true

[node name="P1" type="Spatial" parent="MapSetup/P"]
transform = Transform( -1, 0, -8.74228e-008, 0, 1, 0, 8.74228e-008, 0, -1, -75, 10, 80 )

[node name="P2" type="Spatial" parent="MapSetup/P"]
transform = Transform( -1, 0, -8.74228e-008, 0, 1, 0, 8.74228e-008, 0, -1, -25, 10, 80 )

[node name="P3" type="Spatial" parent="MapSetup/P"]
transform = Transform( -1, 0, -8.74228e-008, 0, 1, 0, 8.74228e-008, 0, -1, 25, 10, 80 )

[node name="P4" type="Spatial" parent="MapSetup/P"]
transform = Transform( -1, 0, -8.74228e-008, 0, 1, 0, 8.74228e-008, 0, -1, 75, 10, 80 )

[node name="PlayerAliveTimer" type="Timer" parent="MapSetup"]
wait_time = 2.0
one_shot = true

[node name="MatchTimer" type="Timer" parent="MapSetup"]
wait_time = 5.0
one_shot = true

[node name="Timer" parent="MapSetup" instance=ExtResource( 11 )]

[node name="Countdown" parent="MapSetup" instance=ExtResource( 12 )]

[node name="MatchEnd" parent="MapSetup" instance=ExtResource( 13 )]
visible = false

[node name="Profiles" parent="MapSetup" instance=ExtResource( 14 )]

[node name="Pause" parent="MapSetup" instance=ExtResource( 15 )]
visible = false

[connection signal="body_shape_entered" from="DeathZone/Area" to="DeathZone" method="_on_Area_body_shape_entered"]
[connection signal="body_shape_entered" from="Map/GridMap/FinishLine" to="MapSetup" method="_on_FinishLine_body_shape_entered"]
[connection signal="timeout" from="MapSetup/ItensSpawner1/Timer" to="MapSetup/ItensSpawner1" method="_on_Timer_timeout"]
[connection signal="timeout" from="MapSetup/ItensSpawner2/Timer" to="MapSetup/ItensSpawner2" method="_on_Timer_timeout"]
[connection signal="timeout" from="MapSetup/ItensSpawner3/Timer" to="MapSetup/ItensSpawner3" method="_on_Timer_timeout"]
[connection signal="timeout" from="MapSetup/PlayerAliveTimer" to="MapSetup" method="_on_PlayerAliveTimer_timeout"]
[connection signal="timeout" from="MapSetup/MatchTimer" to="MapSetup" method="_on_MatchTimer_timeout"]

[editable path="MapSetup/SplitScreen"]

[editable path="MapSetup/Profiles"]

[editable path="MapSetup/Profiles/PlayerProfile1"]
