[gd_scene load_steps=10 format=2]

[ext_resource path="res://Scripts/Characters/DeadPlayer.gd" type="Script" id=1]
[ext_resource path="res://Models/ObjType/BodyParts/HeroTorso.obj" type="ArrayMesh" id=2]
[ext_resource path="res://Models/ObjType/BodyParts/HeroHead.obj" type="ArrayMesh" id=3]
[ext_resource path="res://Models/ObjType/BodyParts/HeroArm.obj" type="ArrayMesh" id=4]
[ext_resource path="res://Models/ObjType/BodyParts/HeroFoot.obj" type="ArrayMesh" id=5]

[sub_resource type="PhysicsMaterial" id=1]
friction = 0.7
rough = true
bounce = 1.0
absorbent = true

[sub_resource type="BoxShape" id=2]
extents = Vector3( 5, 4.5, 2 )

[sub_resource type="BoxShape" id=3]
extents = Vector3( 4, 4, 3 )

[sub_resource type="BoxShape" id=4]
extents = Vector3( 1.5, 5, 1.5 )

[node name="DeadPlayer" type="Spatial"]
script = ExtResource( 1 )

[node name="Part1" type="RigidBody" parent="."]
editor/display_folded = true
collision_mask = 17
mass = 5.0
physics_material_override = SubResource( 1 )
gravity_scale = 4.0

[node name="Model" type="MeshInstance" parent="Part1"]
transform = Transform( 1, 0, 0, 0, 1, 0, 0, 0, 1, 0, -0.00886011, 0 )
mesh = ExtResource( 2 )
material/0 = null

[node name="CollisionShape" type="CollisionShape" parent="Part1"]
shape = SubResource( 2 )

[node name="Part2" type="RigidBody" parent="."]
editor/display_folded = true
transform = Transform( 1, 0, 0, 0, 1, 0, 0, 0, 1, 0, 7.84993, 0 )
collision_mask = 17
mass = 5.0
physics_material_override = SubResource( 1 )
gravity_scale = 4.0

[node name="Model" type="MeshInstance" parent="Part2"]
transform = Transform( 1, 0, 0, 0, 1, 0, 0, 0, 1, 0, 0.7403, 0.5 )
mesh = ExtResource( 3 )
material/0 = null

[node name="CollisionShape" type="CollisionShape" parent="Part2"]
transform = Transform( 1, 0, 0, 0, 1, 0, 0, 0, 1, 0, 0.763198, 0 )
shape = SubResource( 3 )

[node name="Part3" type="RigidBody" parent="."]
editor/display_folded = true
transform = Transform( 1, 0, 0, 0, 1, 0, 0, 0, 1, -6.86321, 0, 0 )
collision_mask = 17
mass = 5.0
physics_material_override = SubResource( 1 )
gravity_scale = 4.0

[node name="Model" type="MeshInstance" parent="Part3"]
transform = Transform( 1, 0, 0, 0, 1, 0, 0, 0, 1, -0.502203, -0.96801, 0 )
mesh = ExtResource( 4 )
material/0 = null

[node name="CollisionShape" type="CollisionShape" parent="Part3"]
transform = Transform( 1, 0, 0, 0, 1, 0, 0, 0, 1, 0.00868225, -0.479221, 0 )
shape = SubResource( 4 )

[node name="Part4" type="RigidBody" parent="."]
editor/display_folded = true
transform = Transform( 1, 0, 0, 0, 1, 0, 0, 0, 1, 6.81806, 0, 0 )
collision_mask = 17
mass = 5.0
physics_material_override = SubResource( 1 )
gravity_scale = 4.0

[node name="Model" type="MeshInstance" parent="Part4"]
transform = Transform( -1, 0, -8.74228e-008, 0, 1, 0, 8.74228e-008, 0, -1, 0.497797, -0.96801, -0.5 )
mesh = ExtResource( 4 )
material/0 = null

[node name="CollisionShape" type="CollisionShape" parent="Part4"]
transform = Transform( 1, 0, 0, 0, 1, 0, 0, 0, 1, 0.00868225, -0.479221, 0 )
shape = SubResource( 4 )

[node name="Part5" type="RigidBody" parent="."]
transform = Transform( 1, 0, 0, 0, 1, 0, 0, 0, 1, -2.21005, -9.2509, 0 )
collision_mask = 17
mass = 5.0
physics_material_override = SubResource( 1 )
gravity_scale = 4.0

[node name="Model" type="MeshInstance" parent="Part5"]
transform = Transform( 1, 0, 0, 0, 1, 0, 0, 0, 1, -0.00220299, -1.46801, 1 )
mesh = ExtResource( 5 )
material/0 = null

[node name="CollisionShape" type="CollisionShape" parent="Part5"]
transform = Transform( 1, 0, 0, 0, 1, 0, 0, 0, 1, 0.00868225, -0.479221, 0 )
shape = SubResource( 4 )

[node name="Part6" type="RigidBody" parent="."]
editor/display_folded = true
transform = Transform( 1, 0, 0, 0, 1, 0, 0, 0, 1, 2.23235, -9.2509, 0 )
collision_mask = 17
mass = 5.0
physics_material_override = SubResource( 1 )
gravity_scale = 4.0

[node name="Model" type="MeshInstance" parent="Part6"]
transform = Transform( 1, 0, 0, 0, 1, 0, 0, 0, 1, -0.00220299, -1.46801, 1 )
mesh = ExtResource( 5 )
material/0 = null

[node name="CollisionShape" type="CollisionShape" parent="Part6"]
transform = Transform( 1, 0, 0, 0, 1, 0, 0, 0, 1, 0.00868225, -0.479221, 0 )
shape = SubResource( 4 )
