[gd_scene load_steps=7 format=2]

[ext_resource path="res://Scripts/UIElements/CoinsProfile2.gd" type="Script" id=1]
[ext_resource path="res://Sprites/Buttons/button1.png" type="Texture" id=2]
[ext_resource path="res://Sprites/Buttons/portrait3.png" type="Texture" id=3]
[ext_resource path="res://Fonts/Ode to Idle Gaming.otf" type="DynamicFontData" id=4]
[ext_resource path="res://Sprites/UIicons/B.png" type="Texture" id=5]

[sub_resource type="DynamicFont" id=1]
size = 33
font_data = ExtResource( 4 )

[node name="CoinsProfile2" type="Control"]
pause_mode = 2
margin_right = 240.0
margin_bottom = 120.0
grow_horizontal = 0
grow_vertical = 0
script = ExtResource( 1 )

[node name="Panel" type="TextureRect" parent="."]
modulate = Color( 0.713726, 0.713726, 0.741176, 0.784314 )
anchor_right = 1.0
anchor_bottom = 1.0
margin_left = 10.0267
margin_top = 16.0
margin_right = 7.02669
margin_bottom = -36.0
texture = ExtResource( 2 )
expand = true
stretch_mode = 1

[node name="CoinsSprite" type="Sprite" parent="."]
position = Vector2( 55.9137, 50.03 )
flip_v = true

[node name="Panel2" type="TextureRect" parent="."]
modulate = Color( 0, 0, 0, 1 )
anchor_right = 1.0
anchor_bottom = 1.0
margin_left = 10.0267
margin_top = 10.0
margin_right = 10.0
margin_bottom = -30.0
texture = ExtResource( 3 )
expand = true
stretch_mode = 1

[node name="Panel3" type="TextureRect" parent="."]
modulate = Color( 0, 0, 0, 1 )
anchor_right = 1.0
anchor_bottom = 1.0
margin_left = 252.027
margin_top = 90.0
margin_right = 254.027
margin_bottom = 50.0
rect_rotation = 180.0
texture = ExtResource( 3 )
expand = true
stretch_mode = 1

[node name="CoinsShadow" type="Label" parent="."]
modulate = Color( 0, 0, 0, 1 )
margin_left = 95.6687
margin_top = 3.39853
margin_right = 240.669
margin_bottom = 103.399
custom_fonts/font = SubResource( 1 )
text = "50000"
align = 1
valign = 1

[node name="Coins" type="Label" parent="."]
modulate = Color( 1, 0.886275, 0.709804, 1 )
margin_left = 90.7637
margin_top = -1.12967
margin_right = 235.764
margin_bottom = 98.8706
custom_fonts/font = SubResource( 1 )
text = "50000"
align = 1
valign = 1

[node name="Borders" type="Control" parent="."]
margin_left = -79.9733
margin_right = -39.9733
margin_bottom = 40.0

[node name="Panel2" type="TextureRect" parent="Borders"]
modulate = Color( 1, 0.537255, 0, 1 )
anchor_right = 1.0
anchor_bottom = 1.0
margin_left = 79.8126
margin_right = 69.8126
margin_bottom = -10.0
texture = ExtResource( 5 )
expand = true
stretch_mode = 1

[node name="Panel6" type="TextureRect" parent="Borders"]
modulate = Color( 1, 0.537255, 0, 1 )
anchor_right = 1.0
anchor_bottom = 1.0
margin_left = 309.909
margin_right = 299.909
margin_bottom = -10.0
texture = ExtResource( 5 )
expand = true
stretch_mode = 1

[node name="Panel3" type="TextureRect" parent="Borders"]
modulate = Color( 1, 0.537255, 0, 1 )
anchor_right = 1.0
anchor_bottom = 1.0
margin_left = 79.8126
margin_top = 70.0394
margin_right = 69.8126
margin_bottom = 60.0394
texture = ExtResource( 5 )
expand = true
stretch_mode = 1

[node name="Panel5" type="TextureRect" parent="Borders"]
modulate = Color( 1, 0.537255, 0, 1 )
anchor_right = 1.0
anchor_bottom = 1.0
margin_left = 309.909
margin_top = 70.0394
margin_right = 299.909
margin_bottom = 60.0394
texture = ExtResource( 5 )
expand = true
stretch_mode = 1

