[gd_scene load_steps=12 format=2]

[ext_resource path="res://Scripts/UIElements/CoinsProfile.gd" type="Script" id=1]
[ext_resource path="res://Sprites/Buttons/button1.png" type="Texture" id=2]
[ext_resource path="res://Sprites/Buttons/portrait3.png" type="Texture" id=3]
[ext_resource path="res://Fonts/Ode to Idle Gaming.otf" type="DynamicFontData" id=4]
[ext_resource path="res://Sprites/Buttons/button4.png" type="Texture" id=5]
[ext_resource path="res://Sprites/Buttons/portrait.png" type="Texture" id=6]
[ext_resource path="res://Sprites/Buttons/profile.png" type="Texture" id=7]
[ext_resource path="res://Sprites/UIicons/B.png" type="Texture" id=8]
[ext_resource path="res://Scenes/ViewportShots/CharacterShots.tscn" type="PackedScene" id=9]

[sub_resource type="DynamicFont" id=1]
size = 33
font_data = ExtResource( 4 )

[sub_resource type="DynamicFont" id=2]
font_data = ExtResource( 4 )

[node name="CoinsProfile" type="Control"]
pause_mode = 2
margin_right = 240.0
margin_bottom = 120.0
grow_horizontal = 0
grow_vertical = 0
script = ExtResource( 1 )

[node name="Panel" type="TextureRect" parent="."]
modulate = Color( 0.713726, 0.713726, 0.741176, 1 )
anchor_right = 1.0
anchor_bottom = 1.0
margin_left = 90.0
margin_top = 16.0
margin_right = 87.0
margin_bottom = -36.0
texture = ExtResource( 2 )
expand = true
stretch_mode = 1

[node name="CoinsSprite" type="Sprite" parent="."]
position = Vector2( 135.887, 50.03 )
flip_v = true

[node name="Panel2" type="TextureRect" parent="."]
modulate = Color( 0, 0, 0, 1 )
anchor_right = 1.0
anchor_bottom = 1.0
margin_left = 90.0
margin_top = 10.0
margin_right = 92.0
margin_bottom = -30.0
texture = ExtResource( 3 )
expand = true
stretch_mode = 1

[node name="CoinsShadow" type="Label" parent="."]
modulate = Color( 0, 0, 0, 1 )
margin_left = 175.642
margin_top = 3.39853
margin_right = 320.642
margin_bottom = 103.399
custom_fonts/font = SubResource( 1 )
text = "50000"
align = 1
valign = 1

[node name="Coins" type="Label" parent="."]
modulate = Color( 1, 0.886275, 0.709804, 1 )
margin_left = 170.737
margin_top = -1.12967
margin_right = 315.737
margin_bottom = 98.8706
custom_fonts/font = SubResource( 1 )
text = "50000"
align = 1
valign = 1

[node name="Panel4" type="TextureRect" parent="."]
modulate = Color( 0.713726, 0.713726, 0.741176, 1 )
anchor_right = 1.0
anchor_bottom = 1.0
margin_right = -140.0
margin_bottom = -20.0
texture = ExtResource( 5 )
expand = true
stretch_mode = 1

[node name="PlayerSprite" type="Sprite" parent="."]
position = Vector2( 49.894, 50.03 )
flip_v = true

[node name="Panel3" type="TextureRect" parent="."]
modulate = Color( 0, 0, 0, 1 )
anchor_right = 1.0
anchor_bottom = 1.0
margin_right = -140.0
margin_bottom = -20.0
texture = ExtResource( 6 )
expand = true
stretch_mode = 1

[node name="CPU" type="Control" parent="."]
editor/display_folded = true
visible = false
margin_left = 1.16668
margin_right = 41.1667
margin_bottom = 40.0

[node name="Panel5" type="TextureRect" parent="CPU"]
modulate = Color( 0.105882, 0.105882, 0.105882, 1 )
anchor_right = 1.0
anchor_bottom = 1.0
margin_left = 25.0
margin_top = 83.0
margin_right = 33.0
margin_bottom = 67.0
texture = ExtResource( 7 )
expand = true

[node name="Label" type="Label" parent="CPU"]
margin_left = 25.0
margin_top = 80.0
margin_right = 75.0
margin_bottom = 110.0
custom_fonts/font = SubResource( 2 )
text = "CPU"
align = 1
valign = 1

[node name="Borders" type="Control" parent="."]
editor/display_folded = true
margin_right = 40.0
margin_bottom = 40.0

[node name="Panel1" type="TextureRect" parent="Borders"]
modulate = Color( 1, 0.537255, 0, 1 )
anchor_right = 1.0
anchor_bottom = 1.0
margin_left = -10.1442
margin_top = -10.2663
margin_right = -20.1442
margin_bottom = -20.2663
texture = ExtResource( 8 )
expand = true
stretch_mode = 1

[node name="Panel4" type="TextureRect" parent="Borders"]
modulate = Color( 1, 0.537255, 0, 1 )
anchor_right = 1.0
anchor_bottom = 1.0
margin_left = -10.1442
margin_top = 79.6076
margin_right = -20.1442
margin_bottom = 69.6076
texture = ExtResource( 8 )
expand = true
stretch_mode = 1

[node name="Panel2" type="TextureRect" parent="Borders"]
modulate = Color( 1, 0.537255, 0, 1 )
anchor_right = 1.0
anchor_bottom = 1.0
margin_left = 79.8126
margin_top = -10.2663
margin_right = 69.8126
margin_bottom = -20.2663
texture = ExtResource( 8 )
expand = true
stretch_mode = 1

[node name="Panel6" type="TextureRect" parent="Borders"]
modulate = Color( 1, 0.537255, 0, 1 )
anchor_right = 1.0
anchor_bottom = 1.0
margin_left = 312.056
margin_right = 302.056
margin_bottom = -10.0
texture = ExtResource( 8 )
expand = true
stretch_mode = 1

[node name="Panel3" type="TextureRect" parent="Borders"]
modulate = Color( 1, 0.537255, 0, 1 )
anchor_right = 1.0
anchor_bottom = 1.0
margin_left = 79.8126
margin_top = 79.6076
margin_right = 69.8126
margin_bottom = 69.6076
texture = ExtResource( 8 )
expand = true
stretch_mode = 1

[node name="Panel5" type="TextureRect" parent="Borders"]
modulate = Color( 1, 0.537255, 0, 1 )
anchor_right = 1.0
anchor_bottom = 1.0
margin_left = 312.056
margin_top = 70.0394
margin_right = 302.056
margin_bottom = 60.0394
texture = ExtResource( 8 )
expand = true
stretch_mode = 1

[node name="Viewport1" type="Viewport" parent="."]
pause_mode = 1
size = Vector2( 90, 90 )
own_world = true
transparent_bg = true

[node name="CharacterShots" parent="Viewport1" instance=ExtResource( 9 )]

